@Book{xie2015,
  title = {Dynamic Documents with {R} and knitr},
  author = {Yihui Xie},
  publisher = {Chapman and Hall/CRC},
  address = {Boca Raton, Florida},
  year = {2015},
  edition = {2nd},
  note = {ISBN 978-1498716963},
  url = {http://yihui.name/knitr/},
}

@ARTICLE{Miklas2020,
  title    = "Support cells in the brain promote longevity",
  author   = "Miklas, Jason Wayne and Brunet, Anne",
  journal  = "Science",
  volume   =  367,
  number   =  6476,
  pages    = "365--366",
  month    =  jan,
  year     =  2020,
  language = "en",
  issn     = "0036-8075, 1095-9203",
  pmid     = "31974234",
  doi      = "10.1126/science.aba4474"
}
